@book{dembowski2015raspberry,
  title={Raspberry Pi-Das technische Handbuch: Konfiguration, Hardware, Applikationserstellung},
  author={Dembowski, Klaus},
  year={2015},
  publisher={Springer-Verlag}
}
