@book{tilkov2011rest,
	title={REST und HTTP: Einsatz der Architektur des Web f{\"u}r Integrationsszenarien},
	author={Tilkov, Stefan},
	year={2011},
	publisher={dpunkt. verlag}
}
@misc{fielding2008restapi,
	author = {Fielding, Roy},
	title = {REST APIs must be hypertext-driven},
	date = {2008-11-01},
	url = {http://roy.gbiv.com/untangled/2008/rest-apis-must-be-hypertext-driven},
	urldate = {2017-04-11}
}
@book{hughes2016arduino,
	title={Arduino: A Technical Reference: A Handbook for Technicians, Engineers, and Makers},
	author={Hughes, J.M.},
	isbn={9781491934494},
	url={https://books.google.de/books?id=yYMpDAAAQBAJ},
	year={2016},
	publisher={O'Reilly Media}
}
@book{conrads2013datenkommunikation,
	title={Datenkommunikation: Verfahren - Netze - Dienste},
	author={Conrads, D.},
	isbn={9783322919731},
	series={Moderne Kommunikationstechnik},
	url={https://books.google.de/books?id=9sfJBgAAQBAJ},
	year={2013},
	publisher={Vieweg+Teubner Verlag}
}
@article{vijayakumar2012review,
	title={Review on routing algorithms in wireless mesh networks},
	author={Vijayakumar, KP and Ganeshkumar, P and Anandaraj, M},
	journal={International Journal of Computer Science and Telecommunications},
	volume={3},
	number={5},
	pages={87--92},
	year={2012}
}
@book{boswarthick2012m2m,
	title={M2M Communications: A Systems Approach},
	author={Boswarthick, D. and Elloumi, O. and Hersent, O.},
	isbn={9781119994756},
	lccn={2011044199},
	series={EBL-Schweitzer},
	url={https://books.google.de/books?id=7Xdz3ryx0TIC},
	year={2012},
	publisher={Wiley}
}
@misc{semiconductor2007nrf24l01,
	title={nRF24L01 product specification},
	author={Semiconductor, Nordic},
	journal={2009-09},
	year={2007}
}
@misc{adafruit2016dht,
	author = {Fielding, Roy},
	title = {DHTxx Sensors},
	date = {2016-12-26},
	url = {https://cdn-learn.adafruit.com/downloads/pdf/dht.pdf},
	urldate = {2017-05-03}
}
@article{sensortec2013data,
	title={Data sheet BMP180 Digital pressure sensor},
	author={Sensortec, Bosch},
	year={2013}
	url = {https://cdn.sparkfun.com/datasheets/Sensors/Pressure/BMP180.pdf},
	urldate = {2017-05-03}
}
@article{maximintegrated2015ds18b20,
	title={DS18B20 Programmable Resolution1-Wire Digital Thermometer },
	author={Maxim Integrated Products, Inc},
	year={2015}
	url = {https://datasheets.maximintegrated.com/en/ds/DS18B20.pdf},
	urldate = {2017-04-16}
}
