%%%%%%%%%%%%%%%%%%%%%%%%%%%%%%%%%%%%%%%%%%%%%%%%%%%%%%%%%%%%%%%%%%%%%%%%%%%%%%
%% Descr:       Vorlage f?r Berichte der DHBW-Karlsruhe, BibTeX
%% Author:      Prof. Dr. J?rgen Vollmer, vollmer AT dhbw-karlsruhe.de
%% $Id: bericht.bib,v 1.2 2010/01/11 20:26:52 vollmer Exp $
%%%%%%%%%%%%%%%%%%%%%%%%%%%%%%%%%%%%%%%%%%%%%%%%%%%%%%%%%%%%%%%%%%%%%%%%%%%%%%%

%%%%
%%  Literaturverzeichnis
%%%%

%%%%%%%%%%%%%%%%%%%%%%%%%%%%%%%%%%%%%%%%%%%%%%%%%%%%%%%%%%%%%%%%%%%%%%%%%%%%%%%




%%%%%%%%%%%%%%%%%%%%%%%%%%%%%%%%%%%%%%%%%%%%%%%%%%%%%%%%%%%%%%%%%%%%%%%%%%%%%%%
@book{tilkov2011rest,
	title={REST und HTTP: Einsatz der Architektur des Web f{\"u}r Integrationsszenarien},
	author={Tilkov, Stefan},
	year={2011},
	publisher={dpunkt. verlag}
}
@misc{fielding2008restapi,
	author = {Fielding, Roy},
	title = {REST APIs must be hypertext-driven},
	date = {2008-11-01},
	url = {http://roy.gbiv.com/untangled/2008/rest-apis-must-be-hypertext-driven},
	urldate = {2017-04-11}
}
@book{hughes2016arduino,
	title={Arduino: A Technical Reference: A Handbook for Technicians, Engineers, and Makers},
	author={Hughes, J.M.},
	isbn={9781491934494},
	url={https://books.google.de/books?id=yYMpDAAAQBAJ},
	year={2016},
	publisher={O'Reilly Media}
}
@book{conrads2013datenkommunikation,
	title={Datenkommunikation: Verfahren - Netze - Dienste},
	author={Conrads, D.},
	isbn={9783322919731},
	series={Moderne Kommunikationstechnik},
	url={https://books.google.de/books?id=9sfJBgAAQBAJ},
	year={2013},
	publisher={Vieweg+Teubner Verlag}
}
@article{vijayakumar2012review,
	title={Review on routing algorithms in wireless mesh networks},
	author={Vijayakumar, KP and Ganeshkumar, P and Anandaraj, M},
	journal={International Journal of Computer Science and Telecommunications},
	volume={3},
	number={5},
	pages={87--92},
	year={2012}
}
@book{boswarthick2012m2m,
	title={M2M Communications: A Systems Approach},
	author={Boswarthick, D. and Elloumi, O. and Hersent, O.},
	isbn={9781119994756},
	lccn={2011044199},
	series={EBL-Schweitzer},
	url={https://books.google.de/books?id=7Xdz3ryx0TIC},
	year={2012},
	publisher={Wiley}
}
@misc{semiconductor2007nrf24l01,
	title={nRF24L01 product specification},
	author={Semiconductor, Nordic},
	journal={2009-09},
	year={2007}
}
@misc{adafruit2016dht,
	author = {Fielding, Roy},
	title = {DHTxx Sensors},
	date = {2016-12-26},
	url = {https://cdn-learn.adafruit.com/downloads/pdf/dht.pdf},
	urldate = {2017-05-03}
}
@article{sensortec2013data,
	title={Data sheet BMP180 Digital pressure sensor},
	author={Sensortec, Bosch},
	year={2013},
	url = {https://cdn.sparkfun.com/datasheets/Sensors/Pressure/BMP180.pdf},
	urldate = {2017-05-03}
}
@article{maximintegrated2015ds18b20,
	title={DS18B20 Programmable Resolution1-Wire Digital Thermometer },
	author={Maxim Integrated Products, Inc},
	year={2015},
	url = {https://datasheets.maximintegrated.com/en/ds/DS18B20.pdf},
	urldate = {2017-04-16}
}
@book{dembowski2015raspberry,
	title={Raspberry Pi-Das technische Handbuch: Konfiguration, Hardware, Applikationserstellung},
	author={Dembowski, Klaus},
	year={2015},
	publisher={Springer-Verlag}
}
@misc{arm2009,
	author = {Prof. Matthias Werner},
	title = {ARM-Architektur},
	date = {2009-10-01},
	url = {https://osg.informatik.tu-chemnitz.de/lehre/lab/slides/arm-2009.pdf},
	urldate = {2017-05-01}
}

@unpublished{richter,
	author = {Prof. Dr. Richter},
	title = {Betriebssyteme an der DHBW im Sommersemster 2016},
	note = {submitted}
}

@misc{cc,
	author = {Computer:club2},
	title = {I2C Bus Hintergrundwissen},
	date = {2008-11-10},
	url = {http://www.cc-zwei.de/wiki/index.php?title=I2C_Bus_Hintergrundwissen},
	urldate = {2017-04-15}
}

@unpublished{lehmann,
	author = {Herr Lehmann},
	title = {Rechnerarchitetur an der DHBW im Wintersemster 2015},
	note = {submitted}
}

@misc{python,
	author = {Python Software Foundation},
	title = {Comparing Python to Other Languages},
	date = {1997-01-01},
	url = {https://www.python.org/doc/essays/comparisons/},
	urldate = {2017-05-03}
}

@unpublished{strand,
	author = {Prof Dr. Marcus Strand},
	title = {Prozessautomatisierung 1 an der DHBW im Wintersemster 2016},
	note = {submitted}
}

@misc{pt100,
	author = {mikrocontroller.net},
	title = {Temperatursensoren - Analoge Temperatursensoren - PT100},
	date = {2017-05-10},
	url = {https://www.mikrocontroller.net/articles/Temperatursensor},
	urldate = {2017-05-10}
}

@misc{lf,
	author = {John Gammel},
	title = {Messung der relativen Luftfeuchtigkeit},
	date = {2013-05-29},
	url = {http://www.all-electronics.de/messung-der-relativen-luftfeuchtigkeit/},
	urldate = {2017-05-10}
}	
@misc{cisco,
	author = {Cisco},
	title = {Solution Overview},
	date = {2016-12-05},
	url = {http://www.cisco.com/c/dam/en/us/products/collateral/switches/mgx-8800-series-switches/solution_overview_c22-531339.doc/_jcr_content/renditions/solution_overview_c22-531339-01.jpg},
	urldate = {2017-04-10}
}
@misc{sparkfun,
	author = {Spark fun Electronics},
	title = {nRF24L01+ 
	Single Chip 2.4GHz Transceiver
	Preliminary Product Specification v1.0},
	date = {2008-03-01},
	url = {https://www.sparkfun.com/datasheets/Components/SMD/nRF24L01Pluss_Preliminary_Product_Specification_v1_0.pdf},
	urldate = {2017-04-10}
}

@misc{pythonStruct,
	author = {Python Software Foundation},
	title = {struct â€” Interpret strings as packed binary data},
	date = {2017-03-27},
	url = {https://docs.python.org/2.7/library/struct.html?highlight=struct#module-struct},
	urldate = {2017-04-15}
}


@misc{wikiPhoto,
	author = {Wikipedia},
	title = {Wikipedia},
	date = {},
	url = {https://upload.wikimedia.org/wikipedia/commons/thumb/f/fc/Fotoelektrischer_Effekt.svg/2000px-Fotoelektrischer_Effekt.svg.png},
	urldate = {2017-04-15}
}

@misc{mc,
	author = {Microcontroller.net},
	title = {Lichtsensor / Helligkeitssensor},
	date = {2017-04-15},
	url = {https://www.mikrocontroller.net/articles/Lichtsensor_/_Helligkeitssensor},
	urldate = {2017-04-15}
}

@misc{UniMuenchen,
	author = {Microcontroller.net},
	title = {Funktionsweise eines passiven Infrarot-Bewegungsmelders},
	date = {2017-04-15},
	url = {https://www.didaktik.physik.uni-muenchen.de/materialien/sensorik/temp_infrarot/bewegungsmelder/pid_info1.pdf},
	urldate = {2017-04-15}
}

@misc{Firstsensor,
	author = {Firstsensor},
	title = {Unterschied zwischen Absolut-, Relativ- und Differenzdrucksensoren},
	date = {2015-03-12},
	url = {https://www.first-sensor.com/de/produkte/drucksensoren/drucksensoren-und-transmitter/druckarten.html},
	urldate = {2017-04-15}
}
@misc{mc2,
	author = {Microcontroller.net},
	title = {Microcontroller.net Temperatursensor },
	date = {2017-04-15},
	url = {https://www.mikrocontroller.net/articles/Temperatursensor},
	urldate = {2017-04-15}
}

