@book{dembowski2015raspberry,
  title={Raspberry Pi-Das technische Handbuch: Konfiguration, Hardware, Applikationserstellung},
  author={Dembowski, Klaus},
  year={2015},
  publisher={Springer-Verlag}
}
@misc{arm2009,
	author = {Prof. Matthias Werner},
	title = {ARM-Architektur},
	date = {2009-10-01},
	url = {https://osg.informatik.tu-chemnitz.de/lehre/lab/slides/arm-2009.pdf},
	urldate = {2017-05-01}
}

@unpublished{richter,
    author = {Prof. Dr. Richter},
    title = {Betriebssyteme an der DHBW im Sommersemster 2016},
    note = {submitted}
}

@misc{cc,
	author = {},
	title = {},
	date = {},
	url = {http://www.cc-zwei.de/wiki/index.php?title=I2C_Bus_Hintergrundwissen},
	urldate = {2017-04-15}
}

@unpublished{lehmann,
    author = {Herr Lehmann},
    title = {Rechnerarchitetur an der DHBW im Wintersemster 2015},
    note = {submitted}
}

@misc{python,
	author = {},
	title = {Python},
	date = {},
	url = {https://www.python.org/doc/essays/comparisons/},
	urldate = {2017-05-03}
}

@unpublished{strand,
    author = {Prof Dr. Marcus Strand},
    title = {Prozessautomatisierung 1 an der DHBW im Wintersemster 2016},
    note = {submitted}
}

@misc{pt100,
	author = {},
	title = {PT100},
	date = {},
	url = {https://www.mikrocontroller.net/articles/Temperatursensor},
	urldate = {2017-05-10}
}
	
	@misc{lf,
	author = {},
	title = {Relative Luftfeuchte},
	date = {},
	url = {http://www.all-electronics.de/messung-der-relativen-luftfeuchtigkeit/},
	urldate = {2017-05-10}
}	
	@misc{cisco,
	author = {},
	title = {cisco},
	date = {},
	url = {http://www.cisco.com/c/dam/en/us/products/collateral/switches/mgx-8800-series-switches/solution_overview_c22-531339.doc/_jcr_content/renditions/solution_overview_c22-531339-01.jpg},
	urldate = {2017-04-10}
}
	@misc{sparkfun,
	author = {},
	title = {Sparkfun},
	date = {},
	url = {https://www.sparkfun.com/datasheets/Components/SMD/nRF24L01Pluss_Preliminary_Product_Specification_v1_0.pdf},
	urldate = {2017-04-10}
}

	@misc{pythonStruct,
	author = {},
	title = {Sparkfun},
	date = {},
	url = {https://docs.python.org/2.7/library/struct.html?highlight=struct#module-struct},
	urldate = {2017-04-15}
}

	@misc{wikiPhoto,
	author = {Wikipedia},
	title = {Wikipedia},
	date = {},
	url = {https://upload.wikimedia.org/wikipedia/commons/thumb/f/fc/Fotoelektrischer_Effekt.svg/2000px-Fotoelektrischer_Effekt.svg.png},
	urldate = {2017-04-15}
}

	@misc{mc2,
	author = {Microcontroller.net},
	title = {Microcontroller.net},
	date = {2017-04-15},
	url = {https://www.mikrocontroller.net/articles/Lichtsensor_/_Helligkeitssensor},
	urldate = {2017-04-15}
}

	@misc{UniMuenchen,
	author = {Microcontroller.net},
	title = {Microcontroller.net},
	date = {2017-04-15},
	url = {https://www.didaktik.physik.uni-muenchen.de/materialien/sensorik/temp_infrarot/bewegungsmelder/pid_info1.pdf},
	urldate = {2017-04-15}
}

	@misc{Firstsensor,
	author = {Firstsensor},
	title = {Unterschied zwischen Absolut-, Relativ- und Differenzdrucksensoren},
	date = {2015-03-12},
	url = {https://www.first-sensor.com/de/produkte/drucksensoren/drucksensoren-und-transmitter/druckarten.html},
	urldate = {2017-04-15}
}

	@misc{mc2,
	author = {Microcontroller.net},
	title = {Microcontroller.net},
	date = {2017-04-15},
	url = {https://www.mikrocontroller.net/articles/Temperatursensor},
	urldate = {2017-04-15}
}	
